<record><leader>00000cas a22000007a 4500</leader><controlfield tag="001">15555349</controlfield><controlfield tag="008">870420d18731875iaudn ne      0    0eng d</controlfield><datafield ind1=" " ind2=" " tag="010"><subfield code="a">sn 87057125 </subfield></datafield><datafield ind1=" " ind2=" " tag="040"><subfield code="a">INP</subfield><subfield code="b">eng</subfield><subfield code="c">INP</subfield><subfield code="d">OCLCQ</subfield></datafield><datafield ind1=" " ind2=" " tag="042"><subfield code="a">msc</subfield></datafield><datafield ind1="0" ind2=" " tag="130"><subfield code="a">State journal (Des Moines, Iowa : 1873 : Daily)</subfield></datafield><datafield ind1="1" ind2="4" tag="245"><subfield code="a">The state journal.</subfield></datafield><datafield ind1="3" ind2="0" tag="246"><subfield code="a">State daily journal</subfield></datafield><datafield ind1="3" ind2="0" tag="246"><subfield code="a">Iowa state journal</subfield></datafield><datafield ind1="1" ind2="3" tag="246"><subfield code="a">Daily state journal</subfield></datafield><datafield ind1=" " ind2=" " tag="260"><subfield code="a">Des Moines, Iowa :</subfield><subfield code="b">State Print. Co.,</subfield><subfield code="c">1873-</subfield></datafield><datafield ind1=" " ind2=" " tag="300"><subfield code="a">v.</subfield></datafield><datafield ind1=" " ind2=" " tag="310"><subfield code="a">Daily (except Monday),</subfield><subfield code="b">Nov. 4, 1874-&lt;Oct. 21, 1875&gt;</subfield></datafield><datafield ind1=" " ind2=" " tag="321"><subfield code="a">Daily (except Sunday),</subfield><subfield code="b">Oct. 20, 1873-&lt;Apr. 20, 1874&gt;</subfield></datafield><datafield ind1="0" ind2=" " tag="362"><subfield code="a">Vol. 2, no. 126 (Oct. 20, 1873)-</subfield></datafield><datafield ind1="1" ind2=" " tag="362"><subfield code="a">Ceased Oct. 23, 1875.</subfield></datafield><datafield ind1=" " ind2=" " tag="500"><subfield code="a">"Daily" appears within title ornament, Jan. 19-&lt;Apr. 20, 1974&gt;; "Iowa" appears within title ornament, Nov. 4, 1874-&lt;Oct. 21, 1875&gt;.</subfield></datafield><datafield ind1=" " ind2=" " tag="500"><subfield code="a">Publisher varies.</subfield></datafield><datafield ind1=" " ind2=" " tag="515"><subfield code="a">Suspended &lt;June&gt;-Nov. 3, 1874.</subfield></datafield><datafield ind1=" " ind2=" " tag="515"><subfield code="a">Issues for Oct. 20, 1873-&lt;Apr. 20, 1874&gt; called also whole nos. 438-&lt;597&gt;.</subfield></datafield><datafield ind1=" " ind2=" " tag="752"><subfield code="a">United States</subfield><subfield code="b">Iowa</subfield><subfield code="c">Polk</subfield><subfield code="d">Des Moines.</subfield></datafield><datafield ind1="0" ind2=" " tag="775"><subfield code="t">State journal (Des Moines, Iowa : 1873 : Weekly)</subfield><subfield code="w">(DLC)sn 84038138</subfield></datafield><datafield ind1="0" ind2="0" tag="780"><subfield code="t">Des Moines daily Republican</subfield><subfield code="w">(DLC)sn 84027110</subfield></datafield></record>